.\" $MirOS: src/share/tmac/tmac.bib,v 1.1.7.1 2005/03/06 16:33:41 tg Exp $
.\"
.\" Copyright (c) 1979, 1980, 1981, 1986, 1988, 1990, 1991, 1992
.\"     The Regents of the University of California.
.\" Copyright (C) Caldera International Inc.  2001-2002.
.\" Copyright (c) 2003, 2004
.\"	Thorsten "mirabilos" Glaser <tg@mirbsd.org>
.\" All rights reserved.
.\"
.\" Redistribution and use in source and binary forms,
.\" with or without modification, are permitted provided
.\" that the following conditions are met:
.\"
.\" Redistributions of source code and documentation must retain
.\" the above copyright notice, this list of conditions and the
.\" following disclaimer.  Redistributions in binary form must
.\" reproduce the above copyright notice, this list of conditions
.\" and the following disclaimer in the documentation and/or other
.\" materials provided with the distribution.
.\"
.\" All advertising materials mentioning features or use of this
.\" software must display the following acknowledgement:
.\"   This product includes software developed or owned by
.\"   Caldera International, Inc.
.\"
.\" Neither the name of Caldera International, Inc. nor the names
.\" of other contributors may be used to endorse or promote products
.\" derived from this software without specific prior written permission.
.\"
.\" USE OF THE SOFTWARE PROVIDED FOR UNDER THIS LICENSE BY CALDERA
.\" INTERNATIONAL, INC. AND CONTRIBUTORS "AS IS" AND ANY EXPRESS
.\" OR IMPLIED WARRANTIES, INCLUDING, BUT NOT LIMITED TO, THE IMPLIED
.\" WARRANTIES OF MERCHANTABILITY AND FITNESS FOR A PARTICULAR PURPOSE
.\" ARE DISCLAIMED.  IN NO EVENT SHALL CALDERA INTERNATIONAL, INC. BE
.\" LIABLE FOR ANY DIRECT, INDIRECT INCIDENTAL, SPECIAL, EXEMPLARY, OR
.\" CONSEQUENTIAL DAMAGES (INCLUDING, BUT NOT LIMITED TO, PROCUREMENT OF
.\" SUBSTITUTE GOODS OR SERVICES; LOSS OF USE, DATA, OR PROFITS; OR
.\" BUSINESS INTERRUPTION) HOWEVER CAUSED AND ON ANY THEORY OF LIABILITY,
.\" WHETHER IN CONTRACT, STRICT LIABILITY, OR TORT (INCLUDING NEGLIGENCE
.\" OR OTHERWISE) ARISING IN ANY WAY OUT OF THE USE OF THIS SOFTWARE,
.\" EVEN IF ADVISED OF THE POSSIBILITY OF SUCH DAMAGE.
.\"
.\"	@(#)tmac.bib	4.3 (Berkeley) 4/18/91
.\"
.ds TL BIBLIOGRAPHY
.ds // /usr/share/ms/
.	\" HD - header macro
.de HD
.if t .tl '--''--'
.nr PN \\n%
'sp |.5i-1
.if \\n%>1 .tl ''- \\n(PN -''
'sp |1i
.ps
.ft
.vs
.ns
..
.	\" FT - footer macro
.de FT
.ps 10
.ft 1
.vs 12p
'bp
..
.so \*(//acc.ms
.wh 0 HD
.wh -1i FT
.if n .na
.if n .nr PD 1v
.if t .nr PD .5v
.nr PI 5n
.	\" RT -  reset everything to normal state
.de RT
.in 0
.ce 0
.ul 0
.ft 1
.ta 5n 10n 15n 20n 25n 30n 35n 40n 45n 50n 55n 60n 65n 70n 75n 80n
.fi
..
.	\" XP - exdented paragraph
.de XP
.if \\nV=1 .ls 2
.RT
.ne 3.1
.sp \\n(PDu
.in +\\n(PIu
.ti -\\n(PIu
..
.	\" AP - annotation paragraph
.de AP
.if \\nV=1 .ls 1
.RT
.ne 1.1
.sp \\n(PDu
.in +\\n(PIu
..
.	\" NP - numbered paragraph
.de NP
.if \\nV=1 .ls 2
.RT
.ne 3.1
.sp \\n(PDu
.in +\\n(PIu
.ti -\\n(PIu
.ta \\n(PIu
\\n+#.\t\c
..
.	\" refer macros for citations
.de []
.][ \\$1
..
.de ][
.if \\$1>4 .tm %M (Bell Labs Memorandum) undefined
.[\\$1
..
.if n .ds [o \&"
.if n .ds [c \&"
.if t .ds [o ``
.if t .ds [c ''
.	\" [0 - other type of citation
.de [0
.XP
.nr [: 0
.if !\\*([Q \{\
.nr [: 1
\\*([Q\c
.\}
.if !\\*([A \{\
.nr [: 1
\\*([A\c
.\}
.if !\\*([T \{\
.if \\n([:>0 ,
.nr [: 1
\f2\\*([T\f1\c
.\}
.if !\\*([S , \\*([S\c
.if !\\*([V , \\*([V\c
.if !\\*([P \{\
.ie \\n([P>0 , pp. \\*([P\c
.el , p. \\*([P\c
.\}
.if !\\*([C , \\*([C\c
.if !\\*([D , \\*([D\c
.if \\n([:>0 \&.
.if !\\*([O \\*([O
..
.	\" [1 - journal article
.de [1
.XP
.if !\\*([Q \\*([Q,
.if !\\*([A \\*([A,
.if !\\*([T \\*([o\\*([T,\\*([c
\f2\\*([J\f1\c
.if !\\*([V , vol. \\*([V\c
.if !\\*([N , no. \\*([N\c
.if !\\*([P \{\
.ie \\n([P>0 , pp. \\*([P\c
.el , p. \\*([P\c
.\}
.if !\\*([I , \\*([I\c
.if !\\*([C , \\*([C\c
.if !\\*([D , \\*([D\c
\&.
.if !\\*([O \\*([O
..
.	\" [2 - book
.de [2
.XP
.if !\\*([Q \\*([Q,
.if !\\*([A \\*([A,
.if !\\*([T \f2\\*([T,\f1
.if !\\*([S \\*([S,
.if !\\*([V \\*([V,
.if !\\*([P \{\
.ie \\n([P>0 pp. \\*([P,
.el p. \\*([P,
.\}
\\*([I\c
.if !\\*([C , \\*([C\c
.if !\\*([D , \\*([D\c
\&.
.if !\\*([O \\*([O
..
.	\" [3 - article in book
.de [3
.XP
.if !\\*([Q \\*([Q,
.if !\\*([A \\*([A,
.if !\\*([T \\*([o\\*([T,\\*([c
in \f2\\*([B\f1\c
.if !\\*([E , ed. \\*([E\c
.if !\\*([S , \\*([S\c
.if !\\*([V , vol. \\*([V\c
.if !\\*([P \{\
.ie \\n([P>0 , pp. \\*([P\c
.el , p. \\*([P\c
.\}
.if !\\*([I , \\*([I\c
.if !\\*([C , \\*([C\c
.if !\\*([D , \\*([D\c
\&.
.if !\\*([O \\*([O
..
.	\" [4 - report
.de [4
.XP
.if !\\*([Q \\*([Q,
.if !\\*([A \\*([A,
.if !\\*([T \\*([o\\*([T,\\*([c
.if !\\*([R \\*([R\c
.if !\\*([G \& (\\*([G)\c
.if !\\*([P \{\
.ie \\n([P>0 , pp. \\*([P\c
.el , p. \\*([P\c
.\}
.if !\\*([I , \\*([I\c
.if !\\*([C , \\*([C\c
.if !\\*([D , \\*([D\c
\&.
.if !\\*([O \\*([O
..
.de ]<
.[<
..
.de [<
.SH
References
.LP
.rm FS FE
..
.de [>
.]>
..
.de ]>
.sp
..
.de ]-
.[-
..
.de [-
.if !\\n(TL \{\
.	br	\" pseudo-page break
.	ce
\f2\\*(TL\f1
.	sp 2
.	nr TL 1
.\}
.rm [Q [A [T [J [B [E [S [V
.rm [N [P [I [C [D [O [R [G
..
.	\" command-line registers
.if \nN .nr # \nN-1 1
.if \nN .rn NP XP
.if \nV .ls \nV
.if \nL .ll \nLu
.if \nO .po \nOu
